@article{ilias2014hospital,
  title={Hospital nurse following robot: hardware development and sensor integration},
  author={Ilias, Bukhari and Nagarajan, R and Murugappan, M and Helmy, Khaled and Awang Omar, Awang Sabri and Abdul Rahman, Muhammad Asyraf},
  journal={International Journal of Medical Engineering and Informatics},
  volume={6},
  number={1},
  pages={1--13},
  year={2014},
  publisher={Inderscience Publishers Ltd}
}

@inproceedings{kautsar2019simple,
  title={A simple algorithm for person-following robot control with differential wheeled based on depth camera},
  author={Kautsar, Syamsiar and Widiawan, B and Etikasari, Bety and Anwar, Saiful and Yunita, Rosiana Dwi and Syaiâ€™in, Mat},
  booktitle={2019 International Conference on Computer Science, Information Technology, and Electrical Engineering (ICOMITEE)},
  pages={114--117},
  year={2019},
  organization={IEEE}
}

@article{khalifa2022face,
  title={Face recognition and tracking framework for human--robot interaction},
  author={Khalifa, Aly and Abdelrahman, Ahmed A and Strazdas, Dominykas and Hintz, Jan and Hempel, Thorsten and Al-Hamadi, Ayoub},
  journal={Applied Sciences},
  volume={12},
  number={11},
  pages={5568},
  year={2022},
  publisher={MDPI}
}

@article{zhang2010active,
  title={Active energy image plus 2DLPP for gait recognition},
  author={Zhang, Erhu and Zhao, Yongwei and Xiong, Wei},
  journal={Signal Processing},
  volume={90},
  number={7},
  pages={2295--2302},
  year={2010},
  publisher={Elsevier}
}

@article{ahadani2012low,
  title={Low cost robotic medicine dispenser},
  author={Ahadani, Mohammad Auzi and De Silva, Liyanage C and Petra, Iskandar and Hameed, Mohammad Faisal A and Wong, Teck Sion},
  journal={Procedia Engineering},
  volume={41},
  pages={202--209},
  year={2012},
  publisher={Elsevier}
}

@inproceedings{antoun2018smart,
  title={Smart medicine dispenser (smd)},
  author={Antoun, Wissam and Abdo, Ali and Al-Yaman, Suleiman and Kassem, Abdallah and Hamad, Mustapha and El-Moucary, Chady},
  booktitle={2018 IEEE 4th middle east conference on biomedical engineering (MECBME)},
  pages={20--23},
  year={2018},
  organization={IEEE}
}

@inproceedings{mohanapriya2020real,
  title={A real time support system to impart medicine using smart dispenser},
  author={MohanaPriya, D and Deepika, V and Priya, M Shanmugha and Yogeswari, C Sivasankari},
  booktitle={2020 International Conference on System, Computation, Automation and Networking (ICSCAN)},
  pages={1--10},
  year={2020},
  organization={IEEE}
}

@article{ilias2014nurse,
  title={A nurse following robot with high speed kinect sensor},
  author={Ilias, B and Shukor, SA Abdul and Yaacob, S and Adom, AH and Razali, MH Mohd},
  journal={ARPN Journal of Engineering and Applied Sciences},
  volume={9},
  number={12},
  pages={2454--2459},
  year={2014},
  publisher={Citeseer}
}

@article{zhang2009uwb,
  title={UWB systems for wireless sensor networks},
  author={Zhang, Jinyun and Orlik, Philip V and Sahinoglu, Zafer and Molisch, Andreas F and Kinney, Patrick},
  journal={Proceedings of the IEEE},
  volume={97},
  number={2},
  pages={313--331},
  year={2009},
  publisher={IEEE}
}

@article{alarifi2016ultra,
  title={Ultra wideband indoor positioning technologies: Analysis and recent advances},
  author={Alarifi, Abdulrahman and Al-Salman, AbdulMalik and Alsaleh, Mansour and Alnafessah, Ahmad and Al-Hadhrami, Suheer and Al-Ammar, Mai A and Al-Khalifa, Hend S},
  journal={Sensors},
  volume={16},
  number={5},
  pages={707},
  year={2016},
  publisher={MDPI}
}

@article{han2021you,
  title={You only look once: unified, real-time object detection},
  author={Han, X and Chang, J and Wang, K},
  journal={Procedia Computer Science},
  volume={183},
  number={1},
  pages={61--72},
  year={2021}
}

@inproceedings{wojke2017simple,
  title={Simple online and realtime tracking with a deep association metric},
  author={Wojke, Nicolai and Bewley, Alex and Paulus, Dietrich},
  booktitle={2017 IEEE international conference on image processing (ICIP)},
  pages={3645--3649},
  year={2017},
  organization={IEEE}
}

@article{lam2022shortage,
  title={Shortage of nurses in Hong Kong: the challenges ahead},
  author={Lam, Gigi},
  journal={Asian Education and Development Studies},
  volume={12},
  number={1},
  pages={89--102},
  year={2022},
  publisher={Emerald Publishing Limited}
}